() 33 страницы обзора distributed ML
APA="Verbraeken, J., Wolting, M., Katzy, J., Kloppenburg, J., Verbelen, T., & Rellermeyer, J. S. (2020). A survey on distributed machine learning. Acm computing surveys (csur), 53(2), 1-33."
@article{verbraeken2020survey,
  author = {Verbraeken, Joost and Wolting, Matthijs and Katzy, Jonathan and Kloppenburg, Jeroen and Verbelen, Tim and Rellermeyer, Jan S.},
  title = {A Survey on Distributed Machine Learning},
  journal = {ACM Computing Surveys},
  volume = {53},
  number = {2},
  pages = {30:1--30:33},
  year = {2020},
  month = {March},
  publisher = {Association for Computing Machinery},
  address = {New York, NY, USA},
  doi = {10.1145/3377454},
  url = {https://doi.org/10.1145/3377454},
  issn = {0360-0300},
  keywords = {Distributed machine learning, distributed systems}
}

() 43 страницы обзора distributed ML
APA="Ben-Nun, T., & Hoefler, T. (2019). Demystifying parallel and distributed deep learning: An in-depth concurrency analysis. ACM Computing Surveys (CSUR), 52(4), 1-43."
@article{ben-nun2019demystifying,
  author = {Ben-Nun, Tal and Hoefler, Torsten},
  title = {Demystifying Parallel and Distributed Deep Learning: An In-depth Concurrency Analysis},
  journal = {ACM Computing Surveys},
  volume = {52},
  number = {4},
  pages = {65:1--65:43},
  year = {2019},
  month = {August},
  publisher = {Association for Computing Machinery},
  address = {New York, NY, USA},
  doi = {10.1145/3320060},
  url = {https://doi.org/10.1145/3320060},
  issn = {0360-0300},
  keywords = {Deep learning, distributed computing, parallel algorithms}
}

() базовая data parallel статья
APA="Atre, M., Jha, B., & Rao, A. (2021, June). Distributed deep learning using volunteer computing-like paradigm. In 2021 IEEE International Parallel and Distributed Processing Symposium Workshops (IPDPSW) (pp. 933-942). IEEE."
@inproceedings{atre2021distributed,
  author = {Atre, Medha and Jha, Birendra and Rao, Ashwini},
  title = {Distributed Deep Learning Using Volunteer Computing-Like Paradigm},
  booktitle = {Proceedings of the 2021 IEEE International Parallel and Distributed Processing Symposium Workshops (IPDPSW)},
  year = {2021},
  pages = {933--942},
  doi = {10.1109/IPDPSW52791.2021.00144},
  keywords = {Training, Deep learning, Fault tolerance, Distributed processing, Sentiment analysis, Fault tolerant systems, Distributed databases, Distributed systems, Distributed training, Deep learning, Volunteer computing, ASGD}
}

() Базовая статья про BOINC
APA="Anderson, D. P. (2020). BOINC: a platform for volunteer computing. Journal of Grid Computing, 18(1), 99-122."
@article{anderson2020boinc,
  author = {David Anderson},
  title = {BOINC: A Platform for Volunteer Computing},
  journal = {Journal of Grid Computing},
  volume = {18},
  number = {1},
  pages = {99--122},
  year = {2020},
  publisher = {Springer},
  doi = {10.1007/s10723-020-09509-9}
}

() Статья про BitTorrent на BOINC
APA="Costa, F., Silva, L., Fedak, G., & Kelley, I. (2008, April). Optimizing the data distribution layer of boinc with bittorrent. In 2008 IEEE international symposium on parallel and distributed processing (pp. 1-8). IEEE."
@inproceedings{costa2008optimizing,
  author = {Costa, Fernando and Silva, Luis and Fedak, Gilles and Kelley, Ian},
  title = {Optimizing the Data Distribution Layer of BOINC with BitTorrent},
  booktitle = {Proceedings of the 2008 IEEE International Symposium on Parallel and Distributed Processing (IPDPS)},
  year = {2008},
  pages = {1--8},
  doi = {10.1109/IPDPS.2008.4536446},
  keywords = {Testing, Middleware, Data models, Prototypes, Network servers, File servers, Bandwidth, Distributed computing, Time sharing computer systems, Performance evaluation}
}


() Статья про распределённое хранение на BOINC
APA="Alonso‐Monsalve, S., García‐Carballeira, F., & Calderón, A. (2017). A new volunteer computing model for data‐intensive applications. Concurrency and Computation: Practice and Experience, 29(24), e4198."
@article{alonso2017new,
  author = {Alonso-Monsalve, Saúl and García-Carballeira, Félix and Calderón, Alejandro},
  title = {A New Volunteer Computing Model for Data-Intensive Applications},
  journal = {Concurrency and Computation: Practice and Experience},
  volume = {29},
  number = {24},
  pages = {e4198},
  year = {2017},
  publisher = {Wiley Online Library},
  doi = {10.1002/cpe.4198}
}

() Возможно, самая первая статья про BOINC, 2004 год
APA="Anderson, D. P. (2004, November). Boinc: A system for public-resource computing and storage. In Fifth IEEE/ACM international workshop on grid computing (pp. 4-10). IEEE."
@inproceedings{anderson2004boinc,
  author = {Anderson, D. P.},
  title = {BOINC: A System for Public-Resource Computing and Storage},
  booktitle = {Proceedings of the Fifth IEEE/ACM International Workshop on Grid Computing (GRID)},
  year = {2004},
  pages = {4--10},
  doi = {10.1109/GRID.2004.14},
  keywords = {Grid computing, Personal communication networks, Supercomputers, Middleware, Computer networks, Application software, Resource management, Internet, Open source software, Laboratories}
}

() Сайт BOINC
@misc{boinc2024,
  author = {{University of California, Berkeley}},
  title = {{BOINC: Berkeley Open Infrastructure for Network Computing}},
  year = {2024},
  url = {https://boinc.berkeley.edu/},
  note = {Accessed: 28-Feb-2025}
}

() Статья про Spark
APA="Zaharia, M., Chowdhury, M., Das, T., Dave, A., Ma, J., McCauly, M., ... & Stoica, I. (2012). Resilient distributed datasets: A {Fault-Tolerant} abstraction for {In-Memory} cluster computing. In 9th USENIX symposium on networked systems design and implementation (NSDI 12) (pp. 15-28)."
@inproceedings{zaharia2012resilient,
  author = {Zaharia, Matei and Chowdhury, Mosharaf and Das, Tathagata and Dave, Ankur and Ma, Justin and McCauly, Murphy and Franklin, Michael J. and Shenker, Scott and Stoica, Ion},
  title = {Resilient Distributed Datasets: A Fault-Tolerant Abstraction for In-Memory Cluster Computing},
  booktitle = {Proceedings of the 9th USENIX Symposium on Networked Systems Design and Implementation (NSDI 12)},
  year = {2012},
  pages = {15--28}
}

() Статья про MapReduce
APA="Dean, J., & Ghemawat, S. (2008). MapReduce: simplified data processing on large clusters. Communications of the ACM, 51(1), 107-113."
@article{dean2008mapreduce,
  author = {Dean, Jeffrey and Ghemawat, Sanjay},
  title = {MapReduce: Simplified Data Processing on Large Clusters},
  journal = {Communications of the ACM},
  volume = {51},
  number = {1},
  pages = {107--113},
  year = {2008},
  month = {January},
  publisher = {Association for Computing Machinery},
  address = {New York, NY, USA},
  issn = {0001-0782},
  doi = {10.1145/1327452.1327492},
  url = {https://doi.org/10.1145/1327452.1327492}
}

() Статья про hole punching
@inproceedings{ford2005peer,
  title={Peer-to-peer communication across network address translators.},
  author={Ford, Bryan and Srisuresh, Pyda and Kegel, Dan},
  booktitle={USENIX Annual Technical Conference, General Track},
  pages={179--192},
  year={2005}
}

() Статья про BitTorrent
@inproceedings{cohen2003incentives,
  title={Incentives build robustness in BitTorrent},
  author={Cohen, Bram},
  booktitle={Workshop on Economics of Peer-to-Peer systems},
  volume={6},
  pages={68--72},
  year={2003},
  organization={Berkeley, CA, USA}
}

@incollection{leaver2011rosetta3,
  title={ROSETTA3: an object-oriented software suite for the simulation and design of macromolecules},
  author={Leaver-Fay, Andrew and Tyka, Michael and Lewis, Steven M and Lange, Oliver F and Thompson, James and Jacak, Ron and Kaufman, Kristian W and Renfrew, P Douglas and Smith, Colin A and Sheffler, Will and others},
  booktitle={Methods in enzymology},
  volume={487},
  pages={545--574},
  year={2011},
  publisher={Elsevier}
}

@misc{EinsteinAtHome,
  author = {{Einstein@Home Team}},
  title = {About Einstein@Home},
  year = {2025},
  url = {https://einsteinathome.org/about},
  note = {Accessed: March 1, 2025}
}

() PyMW
@INPROCEEDINGS{heien2009PyMW,
  author={Heien, Eric M. and Takata, Yusuke and Hagihara, Kenichi and Kornafeld, Adam},
  booktitle={2009 IEEE International Symposium on Parallel & Distributed Processing}, 
  title={PyMW - A Python module for desktop grid and volunteer computing}, 
  year={2009},
  volume={},
  number={},
  pages={1-7},
  keywords={Grid computing;Concurrent computing;Computer interfaces;Large-scale systems;Virtual colonoscopy;Distributed computing;Computer networks;Software packages;Packaging;Information science},
  doi={10.1109/IPDPS.2009.5161132}
}

() Res-Net, количество весов и FLOPS
@misc{he2015deepresidual,
  title={Deep Residual Learning for Image Recognition}, 
  author={Kaiming He and Xiangyu Zhang and Shaoqing Ren and Jian Sun},
  year={2015},
  eprint={1512.03385},
  archivePrefix={arXiv},
  primaryClass={cs.CV},
  url={https://arxiv.org/abs/1512.03385}, 
}

Системы добровольных и grid вычислений

@article{Anderson2002,
  author = {Anderson, David P. and Cobb, Jeff and Korpela, Eric and Lebofsky, Matt and Werthimer, Dan},
  title = {SETI@home: An Experiment in Public-Resource Computing},
  journal = {Communications of the ACM},
  year = {2002},
  volume = {45},
  number = {11},
  pages = {56--61},
  doi = {10.1145/581495.581497}
}

@article{Zimmerman2021,
  author = {Zimmerman, Michael I. and Porter, J. R. and Ward, Michael D. and Singh, Siddharth and Vithani, Neha and Meller, Amit and Mallimadugula, Uma and Kuhn, Carol and Borowsky, Jessica H. and Wiewiora, Eric and D. E. Shaw Research and Bowman, Gregory R.},
  title = {SARS-CoV-2 Simulations Go Exascale to Capture Spike Opening and Reveal Cryptic Pockets Across the Proteome},
  journal = {Nature Chemistry},
  year = {2021},
  volume = {13},
  number = {7},
  pages = {651--659},
  doi = {10.1038/s41557-021-00707-0}
}

@article{Foster2001,
  author = {Foster, Ian and Kesselman, Carl and Tuecke, Steven},
  title = {The Anatomy of the Grid: Enabling Scalable Virtual Organizations},
  journal = {International Journal of High Performance Computing Applications},
  year = {2001},
  volume = {15},
  number = {3},
  pages = {200--222},
  doi = {10.1177/109434200101500302}
}

@article{Anderson2020,
  author = {Anderson, David P.},
  title = {BOINC: A Platform for Volunteer Computing},
  journal = {Journal of Grid Computing},
  year = {2020},
  volume = {18},
  number = {1},
  pages = {99--122},
  doi = {10.1007/s10723-019-09497-9}
}

@incollection{Tapparello2015,
  author = {Tapparello, Cristiano and Funai, Carmelo and Hijazi, Saif and Heinzelman, Wendi},
  title = {Volunteer Computing on Mobile Devices: State of the Art and Future Research Directions},
  booktitle = {Mobile Computing and Wireless Networks: Concepts, Methodologies, Tools, and Applications},
  publisher = {IGI Global},
  year = {2015},
  pages = {125--153},
  doi = {10.4018/978-1-4666-8662-5.ch005}
}

@article{Mengistu2019,
  author = {Mengistu, Teshome M. and Che, Dandan},
  title = {Survey and Taxonomy of Volunteer Computing},
  journal = {ACM Computing Surveys},
  year = {2019},
  volume = {52},
  number = {3},
  pages = {59:1--59:35},
  doi = {10.1145/3320073}
}

@misc{RosettaHomeWiki,
  author = {{Wikipedia contributors}},
  title = {Rosetta@home},
  year = {2024},
  howpublished = {\url{https://en.wikipedia.org/wiki/Rosetta@home}},
  note = {Accessed: 2025-04-26}
}

Системы машинного обучения на основе BOINC

@article{Clemens2021,
  author    = {Clemens, James},
  title     = {MLDS: A Dataset for Weight-Space Analysis of Neural Networks},
  journal   = {arXiv preprint arXiv:2104.10555},
  year      = {2021},
  url       = {https://arxiv.org/abs/2104.10555}
}

@article{Desell2017,
  author    = {Desell, Travis},
  title     = {Large Scale Evolution of Convolutional Neural Networks Using Volunteer Computing},
  journal   = {arXiv preprint arXiv:1703.05422},
  year      = {2017},
  url       = {https://arxiv.org/abs/1703.05422}
}

@inproceedings{Schlitter2013,
  author    = {Schlitter, Nils and L{\"a}ssig, J{\"o}rg},
  title     = {Distributed Data Analytics using RapidMiner and BOINC},
  booktitle = {Proceedings of the 4th RapidMiner Community Meeting and Conference (RCOMM)},
  year      = {2013},
  pages     = {81--95},
  address   = {Porto, Portugal}
}

@inproceedings{Moore2010,
  author    = {Moore, L. R. and Kopala, M. and Mielke, T. and Krusmark, M. and Gluck, K. A.},
  title     = {Simultaneous Performance Exploration and Optimized Search with Volunteer Computing},
  booktitle = {Proceedings of the 19th ACM International Symposium on High Performance Distributed Computing (HPDC)},
  year      = {2010},
  pages     = {312--315},
  publisher = {ACM},
  address   = {Chicago, Illinois, USA},
  doi       = {10.1145/1851476.1851522}
}

@misc{Purdue2019,
  author    = {Miller, Amanda},
  title     = {Purdue's nanoHUB@Home project lets anyone contribute to cutting-edge nanotechnology research -- no PhD required},
  howpublished = {\url{https://it.purdue.edu/newsroom/2019/190903_nanoHUB.php}},
  year      = {2019},
  note      = {Accessed: 2025-04-27}
}
